@Book{xie2015,
  title = {Dynamic Documents with {R} and knitr},
  author = {Yihui Xie},
  publisher = {Chapman and Hall/CRC},
  address = {Boca Raton, Florida},
  year = {2015},
  edition = {2nd},
  note = {ISBN 978-1498716963},
  url = {http://yihui.org/knitr/},
}

@article{kass_caffo_davidian_meng_yu_reid_2016, 
  title={Ten simple rules for effective statistical practice}, 
  volume={12}, 
  DOI={10.1371/journal.pcbi.1004961}, 
  number={6}, 
  journal={PLOS Computational Biology}, 
  author={Kass, Robert E. and Caffo, Brian S. and Davidian, Marie and Meng, Xiao-Li and Yu, Bin and Reid, Nancy}, 
  year={2016}} 
  
@book{whitlock_schluter_2020, 
  place={Austin, TX}, 
  edition={3}, 
  title={The Analysis of Biological Data}, 
  publisher={Macmillan Learning}, 
  author={Whitlock, Michael and Schluter, Dolph}, 
  year={2020}} 
  
@book{Dalgaard_2020, 
  place={New York, NY}, 
  edition={2}, 
  title={Introductory Statistics with {R}}, 
  publisher={Springer}, 
  author={Dalgaard, Peter}, 
  year={2008}} 